<record><leader>00000cas a2200000 a 4500</leader><controlfield tag="001">34466889</controlfield><controlfield tag="008">960327d19241974fludn ne      0    0eng c</controlfield><datafield ind1=" " ind2=" " tag="010"><subfield code="a">sn 96027222 </subfield></datafield><datafield ind1=" " ind2=" " tag="040"><subfield code="a">FUG</subfield><subfield code="b">eng</subfield><subfield code="c">FUG</subfield><subfield code="d">OCLCQ</subfield><subfield code="d">OCLCF</subfield><subfield code="d">OCLCO</subfield></datafield><datafield ind1=" " ind2=" " tag="012"><subfield code="i">9603</subfield></datafield><datafield ind1="1" ind2=" " tag="029"><subfield code="a">AU@</subfield><subfield code="b">000025919924</subfield></datafield><datafield ind1=" " ind2=" " tag="042"><subfield code="a">pcc</subfield></datafield><datafield ind1=" " ind2=" " tag="043"><subfield code="a">n-us-fl</subfield></datafield><datafield ind1="0" ind2=" " tag="130"><subfield code="a">Sanford herald (Sanford, Fla. : 1924)</subfield></datafield><datafield ind1="1" ind2="4" tag="245"><subfield code="a">The Sanford herald.</subfield></datafield><datafield ind1="1" ind2="7" tag="246"><subfield code="a">Sanford daily herald</subfield></datafield><datafield ind1=" " ind2=" " tag="260"><subfield code="a">Sanford, Fla. :</subfield><subfield code="b">Herald Print. Co.,</subfield><subfield code="c">1924-1974.</subfield></datafield><datafield ind1=" " ind2=" " tag="300"><subfield code="a">v.</subfield></datafield><datafield ind1=" " ind2=" " tag="310"><subfield code="a">Daily (except Saturday),</subfield><subfield code="b">-1974</subfield></datafield><datafield ind1=" " ind2=" " tag="321"><subfield code="a">Daily (except Sunday),</subfield><subfield code="b">1924-</subfield></datafield><datafield ind1="0" ind2=" " tag="362"><subfield code="a">Vol. 5, no. 288 (Mar. 1, 1924)- ; -66th year, no. 285 (July 21, 1974).</subfield></datafield><datafield ind1=" " ind2="0" tag="651"><subfield code="a">Sanford (Fla.)</subfield><subfield code="v">Newspapers.</subfield></datafield><datafield ind1=" " ind2="0" tag="651"><subfield code="a">Seminole County (Fla.)</subfield><subfield code="v">Newspapers.</subfield></datafield><datafield ind1=" " ind2="7" tag="655"><subfield code="a">Newspapers.</subfield><subfield code="2">fast</subfield><subfield code="0">(OCoLC)fst01423814</subfield></datafield><datafield ind1=" " ind2="7" tag="651"><subfield code="a">Florida</subfield><subfield code="z">Sanford.</subfield><subfield code="2">fast</subfield><subfield code="0">(OCoLC)fst01218546</subfield></datafield><datafield ind1=" " ind2="7" tag="651"><subfield code="a">Florida</subfield><subfield code="z">Seminole County.</subfield><subfield code="2">fast</subfield><subfield code="0">(OCoLC)fst01210831</subfield></datafield><datafield ind1=" " ind2=" " tag="752"><subfield code="a">United States</subfield><subfield code="b">Florida</subfield><subfield code="c">Seminole</subfield><subfield code="d">Sanford.</subfield></datafield><datafield ind1="0" ind2="0" tag="780"><subfield code="t">Sanford daily herald</subfield><subfield code="w">(DLC)sn 96027221</subfield><subfield code="w">(OCoLC)34466888</subfield></datafield><datafield ind1="0" ind2="0" tag="785"><subfield code="t">Evening herald (Sanford, Fla.)</subfield><subfield code="w">(DLC)sn 96027223</subfield><subfield code="w">(OCoLC)34466890</subfield></datafield><datafield ind1=" " ind2=" " tag="850"><subfield code="a">FU</subfield></datafield></record>